%%%%%%%%%%%%%%%%%%%%%%%%%
%%%%%%%%%%%%%%%%%%%%%%%%%
%%%%% Racing Information
@misc{Collins2012,
author = {Collins, Sam},
booktitle = {Racecar engineering},
title = {{F1- Tech Explained: Formula 1 and the environment}},
url = {http://www.racecar-engineering.com/technology-explained/formula-1-and-the-environment/},
urldate = {30 October 2018},
year = {2012}
}


%%%%%%%%%%%%%%%%%%%%%%%%%
%%%%%%%%%%%%%%%%%%%%%%%%%
%%%%% Weather Data
@article{Kalnay1996,
    author = {Kalnay, E and Kanamitsu, M and Kistler, R and Collins, W and Deaven, D and Gandin, L and Iredell, M. and Saha, S. and White, G. and Woollen, J. and Zhu, Y. and Leetmaa, A. and Reynolds, R. and Chelliah, M. and Ebisuzaki, W. and Higgins, W. and Janowiak, J. and Mo, K. C. and Ropelewski, C. and Wang, J. and Jenne, Roy and Joseph, Dennis},
    doi = {10.1175/1520-0477(1996)077<0437:TNYRP>2.0.CO;2},
    file = {:Users/hollina/Documents/Mendeley Desktop/Kalnay et al.{\_}1996{\_}The NCEPNCAR 40-Year Reanalysis Project.pdf:pdf},
    issn = {0003-0007},
    journal = {Bulletin of the American Meteorological Society},
    month = {mar},
    number = {3},
    pages = {437--471},
    title = {{The NCEP/NCAR 40-Year Reanalysis Project}},
    url = {http://journals.ametsoc.org/doi/abs/10.1175/1520-0477{\%}281996{\%}29077{\%}3C0437{\%}3ATNYRP{\%}3E2.0.CO{\%}3B2},
    volume = {77},
    year = {1996}
}
